% ------------------------------------------------------------------------
% SAMPLE BIBLIOGRAPHY FILE
% ------------------------------------------------------------------------
@article{iverson2007notation,
  title={Notation as a tool of thought},
  author={Iverson, Kenneth E},
  journal={ACM SIGAPL APL Quote Quad},
  volume={35},
  number={1-2},
  pages={2--31},
  year={2007},
  publisher={ACM}
}

@article{fisher2007executable,
  title={Executable cell biology},
  author={Fisher, Jasmin and Henzinger, Thomas A},
  journal={Nature biotechnology},
  volume={25},
  number={11},
  pages={1239--1249},
  year={2007},
  publisher={Nature Publishing Group}
}

@article{baldan2010petri,
  title={Petri nets for modelling metabolic pathways: a survey},
  author={Baldan, Paolo and Cocco, Nicoletta and Marin, Andrea and Simeoni, Marta},
  journal={Natural Computing},
  volume={9},
  number={4},
  pages={955--989},
  year={2010},
  publisher={Springer}
}

@article{abelson1987lisp,
  title={Lisp: A language for stratified design},
  author={Abelson, Harold and Sussman, Gerald Jay},
  year={1987}
}

@incollection{phillips2006graphical,
  title={A graphical representation for biological processes in the stochastic pi-calculus},
  author={Phillips, Andrew and Cardelli, Luca and Castagna, Giuseppe},
  booktitle={Transactions on Computational Systems Biology VII},
  pages={123--152},
  year={2006},
  publisher={Springer}
}

@article{priami2001application,
  title={Application of a stochastic name-passing calculus to representation and simulation of molecular processes},
  author={Priami, Corrado and Regev, Aviv and Shapiro, Ehud and Silverman, William},
  journal={Information processing letters},
  volume={80},
  number={1},
  pages={25--31},
  year={2001},
  publisher={Elsevier}
}

@article{danos2004formal,
  title={Formal molecular biology},
  author={Danos, Vincent and Laneve, Cosimo},
  journal={Theoretical Computer Science},
  volume={325},
  number={1},
  pages={69--110},
  year={2004},
  publisher={Elsevier}
}

@book{fontana1996barrier,
  title={The barrier of objects: From dynamical systems to bounded organizations},
  author={Fontana, Walter and Buss, Leo W},
  year={1996},
  publisher={Citeseer}
}

@book{fontana1996barrier,
  title={The barrier of objects: From dynamical systems to bounded organizations},
  author={Fontana, Walter and Buss, Leo W},
  year={1996},
  publisher={Citeseer}
}

@inproceedings{berry1989chemical,
  title={The chemical abstract machine},
  author={Berry, G{\'e}rard and Boudol, G{\'e}rard},
  booktitle={Proceedings of the 17th ACM SIGPLAN-SIGACT symposium on Principles of programming languages},
  pages={81--94},
  year={1989},
  organization={ACM}
}

@article{winskel2002topics,
  title={Topics in concurrency: Part ii comp. sci. lecture notes},
  author={Winskel, Glynn},
  journal={Computer Science course at the University of Cambridge},
  year={2002}
}

@article{nielsen2009systems,
  title={Systems biology of lipid metabolism: from yeast to human},
  author={Nielsen, Jens},
  journal={FEBS letters},
  volume={583},
  number={24},
  pages={3905--3913},
  year={2009},
  publisher={Elsevier}
}

@article{schneider2013understanding,
  title={Understanding drugs and diseases by systems biology?},
  author={Schneider, Hans-Christoph and Klabunde, Thomas},
  journal={Bioorganic \& medicinal chemistry letters},
  volume={23},
  number={5},
  pages={1168--1176},
  year={2013},
  publisher={Elsevier}
}

@article{vinuelas2012towards,
  title={Towards experimental manipulation of stochasticity in gene expression},
  author={Vi{\~n}uelas, Jos{\'e} and Kaneko, Ga{\"e}l and Coulon, Antoine and Beslon, Guillaume and Gandrillon, Olivier},
  journal={Progress in biophysics and molecular biology},
  volume={110},
  number={1},
  pages={44--53},
  year={2012},
  publisher={Elsevier}
}

@article{jensen2004bigraphs,
  title={Bigraphs and mobile processes (revised)},
  author={Jensen, Ole H{\o}gh and Milner, Robin},
  journal={Technical report, University of Cambridge Computer Laboratory},
  year={2004}
}

@book{wilkinson2011stochastic,
  title={Stochastic modelling for systems biology},
  author={Wilkinson, Darren J},
  year={2011},
  publisher={CRC press}
}

@incollection{heiner2012snoopy,
  title={Snoopy--a unifying Petri net tool},
  author={Heiner, Monika and Herajy, Mostafa and Liu, Fei and Rohr, Christian and Schwarick, Martin},
  booktitle={Application and Theory of Petri Nets},
  pages={398--407},
  year={2012},
  publisher={Springer}
}

@article{ciocchetta2009bio,
  title={Bio-PEPA: A framework for the modelling and analysis of biological systems},
  author={Ciocchetta, Federica and Hillston, Jane},
  journal={Theoretical Computer Science},
  volume={410},
  number={33},
  pages={3065--3084},
  year={2009},
  publisher={Elsevier}
}

@inproceedings{gilbert2007unifying,
  title={A unifying framework for modelling and analysing biochemical pathways using Petri nets},
  author={Gilbert, David and Heiner, Monika and Lehrack, Sebastian},
  booktitle={Computational Methods in Systems Biology},
  pages={200--216},
  year={2007},
  organization={Springer}
}

@article{orth2010flux,
  title={What is flux balance analysis?},
  author={Orth, Jeffrey D and Thiele, Ines and Palsson, Bernhard {\O}},
  journal={Nature biotechnology},
  volume={28},
  number={3},
  pages={245--248},
  year={2010},
  publisher={Nature Publishing Group}
}

@article{kitano2002systems,
  title={Systems biology: a brief overview},
  author={Kitano, Hiroaki},
  journal={Science},
  volume={295},
  number={5560},
  pages={1662--1664},
  year={2002},
  publisher={American Association for the Advancement of Science}
}

@article{ideker2001new,
  title={A new approach to decoding life: systems biology},
  author={Ideker, Trey and Galitski, Timothy and Hood, Leroy},
  journal={Annual review of genomics and human genetics},
  volume={2},
  number={1},
  pages={343--372},
  year={2001},
  publisher={Annual Reviews 4139 El Camino Way, PO Box 10139, Palo Alto, CA 94303-0139, USA}
}

@inproceedings{phillips2007efficient,
  title={Efficient, correct simulation of biological processes in the stochastic pi-calculus},
  author={Phillips, Andrew and Cardelli, Luca},
  booktitle={Computational Methods in Systems Biology},
  pages={184--199},
  year={2007},
  organization={Springer}
}

@article{kanehisa2000kegg,
  title={KEGG: kyoto encyclopedia of genes and genomes},
  author={Kanehisa, Minoru and Goto, Susumu},
  journal={Nucleic acids research},
  volume={28},
  number={1},
  pages={27--30},
  year={2000},
  publisher={Oxford Univ Press}
}

@article{pharkya2003review,
  title={Review of the BRENDA Database},
  author={Pharkya, Priti and Nikolaev, Evgeni V and Maranas, Costas D},
  journal={Metabolic engineering},
  volume={5},
  number={2},
  pages={71--73},
  year={2003},
  publisher={Academic Press}
}

@article{olivier2005modelling,
  title={Modelling cellular systems with PySCeS},
  author={Olivier, Brett G and Rohwer, Johann M and Hofmeyr, Jan-Hendrik S},
  journal={Bioinformatics},
  volume={21},
  number={4},
  pages={560--561},
  year={2005}
}

